@article{Skript,
 author = {Prof. Dr.-Ing. Dietmar Heinz, Prof. Dr.-Ing. Hilke WÃ¼rdemann},
 title = {Praktikumsskript, Umwelttechnik},
 year = {2019}
}